@IEEEtranBSTCTL{IEEEexample:BSTcontrol,
CTLdash_repeated_names = "no"
}

@book{cisco_switch,
  Author = "{Richard Froom, Erum Frahim}",
  Title = {Implementing Cisco IP switched
networks (SWITCH) : foundation
learning guide},
  Publisher = {Cisco Press},
  year={2015},
month={05},
edition={},
  address = {800 East 96th Street Indianapolis, IN 46240},
  date      = {2015},
  isbn      = {9781587206641},
  pagetotal = {488},
  ean       = {},
  note		= {{ISBN:} 9781587206641},
}
@article{brown2009terrorism,
  title={Terrorism and the proportionality of internet surveillance},
  author={Brown, Ian and Korff, Douwe},
  journal={European Journal of Criminology},
  volume={6},
  number={2},
  pages={119--134},
  year={2009},
  publisher={Sage Publications Sage UK: London, England}
}

@book{cisco_route,
  Author = "{Diane Teare, Bob Vachon, Rick Graziani}",
  Title = {Implementing Cisco IP Routing (ROUTE) Foundation Learning Guide : (CCNP ROUTE 300-101)},
  Publisher = {Cisco Press},
  year={2015},
month={01},
edition={},
  address = {800 East 96th Street Indianapolis, IN 46240},
  date      = {2015},
  isbn      = {1587204568},
  pagetotal = {726},
  ean       = {},
  note		= {{ISBN:} 1587204568},
}
@book{vetenskap,
  Author = "{Joakim Molander}",
  Title = {Vad är vetenskap? - Kompendium i vetenskapsfilosof},
  Publisher = {Filosofiska institutionen, Åbo Akademi},
  year={1995},
month={01},
edition={},
}
@article{dunn1991postmodernism,
  title={Postmodernism: populism, mass culture, and avant-garde},
  author={Dunn, Robert},
  journal={Theory, Culture \& Society},
  volume={8},
  number={1},
  pages={111--135},
  year={1991},
  publisher={Sage Publications}
}
@article{forsvaret,
  title={Hur står det till med den personliga integriteten? – En kartläggning av Integritetskommittén},
  author={Justitiedepartementet},
  year={2016},
  publisher={SOU 2016:41}
}
@article{gernert2009ockham,
  title={Ockham's razor and its improper use},
  author={Gernert, Dieter},
  journal={Cognitive Systems},
  volume={7},
  number={2},
  pages={133--138},
  year={2009}
}
@book{orwell_fromm_1961,
place={New York},
title={1984},
publisher={New American Library},
author={Orwell, George and Fromm, Erich},
year={1961}
}

 @misc{WebsiteName,
  author = {Name},
  title = {Title},
  urldate = {######}, 
  note = {[Online/Offline],
  Available = {Website}, 
  Date last accessed on = {#######},

}

}
@book{NameOfBook},
  Author = {Name},
  Title = {Title},
  Publisher = {Name},
  Year = {####},
  month={##},
  edition={},
  ISBN = {#########},
  address = {},
  date      = {},
  isbn      = {},
  pagetotal = {},
  ean       = {},
  note		= {{ISBN:} So ISBN shows in references, post ISBN here too.},
  URL = {URLPAGE if PDF online}
}

