Handbook for entry types:
http://ftp.acc.umu.se/mirror/CTAN/macros/latex/exptl/biblatex/doc/biblatex.pdf

#################################

###### Mall ######
@online{ID_online,
    ALTauthor       = {author},
    ALTeditor       = {editor},
    title           = {title},
    date            = {date},
    url             = {url},
    OPTsubtitle     = {subtitle},
    OPTtitleaddon   = {titleaddon},
    OPTlanguage     = {language},
    OPTversion      = {version},
    OPTnote         = {note},
    OPTorganization = {organization},
    OPTdate         = {date},
    OPTmonth        = {month},
    OPTyear         = {year},
    OPTaddendum     = {addendum},
    OPTpubstate     = {pubstate},
    OPTurldate      = {urldate},
}

#################################

@online{FN_FortiGate-60E,
    author       	= {{Fortinet Inc}},
    ALTeditor       = {editor},
    title           = {{ForiGate/FortiWiFi 60E Series}},
    date            = {2018-04},
    url             = {https://www.fortinet.com/content/dam/fortinet/assets/data-sheets/FortiGate_FortiWiFi_60E_Series.pdf},
    OPTsubtitle     = {subtitle},
    OPTtitleaddon   = {titleaddon},
    OPTlanguage     = {language},
    OPTversion      = {version},
    OPTnote         = {note},
    organization    = {Fortinet Inc},
    OPTdate         = {date},
    OPTmonth        = {month},
    OPTyear         = {year},
    OPTaddendum     = {addendum},
    OPTpubstate     = {pubstate},
    urldate         = {2018-05-07},
}

@online{FN_FortiSwitch,
    author       	= {{Fortinet Inc}},
    ALTeditor       = {editor},
    title           = {{FortiSwitch Secure Access Series}},
    date            = {2018-03},
    url             = {https://www.fortinet.com/content/dam/fortinet/assets/data-sheets/FortiSwitch_Secure_Access_Series.pdf},
    OPTsubtitle     = {subtitle},
    OPTtitleaddon   = {titleaddon},
    OPTlanguage     = {language},
    OPTversion      = {version},
    OPTnote         = {note},
    organization    = {Fortinet Inc},
    OPTdate         = {date},
    OPTmonth        = {month},
    OPTyear         = {year},
    OPTaddendum     = {addendum},
    OPTpubstate     = {pubstate},
    urldate         = {2018-05-07},
}


@online{FN_FortiAP,
    author       	= {{Fortinet Inc}},
    ALTeditor       = {editor},
    title           = {{FortiAP Series}},
    date            = {2018-03},
    url             = {https://www.fortinet.com/content/dam/fortinet/assets/data-sheets/FortiAP_11ac_Series.pdf},
    OPTsubtitle     = {subtitle},
    OPTtitleaddon   = {titleaddon},
    OPTlanguage     = {language},
    OPTversion      = {version},
    OPTnote         = {note},
    organization    = {Fortinet Inc},
    OPTdate         = {date},
    OPTmonth        = {month},
    OPTyear         = {year},
    OPTaddendum     = {addendum},
    OPTpubstate     = {pubstate},
    urldate         = {2018-05-07},
}

@online{FN_FortiSwitch-Admin-Guide,
    author       	= {{Fortinet Inc}},
    ALTeditor       = {editor},
    title           = {{FortiSwitch Admin Guide}},
    date            = {2015-10-12},
    url             = {https://docs.fortinet.com/uploaded/files/2466/fortiswitchos-admin-guide-33x.pdf},
    OPTsubtitle     = {subtitle},
    OPTtitleaddon   = {titleaddon},
    OPTlanguage     = {language},
    OPTversion      = {version},
    OPTnote         = {note},
    organization    = {Fortinet Inc},
    OPTdate         = {date},
    OPTmonth        = {month},
    OPTyear         = {year},
    OPTaddendum     = {addendum},
    OPTpubstate     = {pubstate},
    urldate         = {2018-05-07},
}

@online{FN_FortiGate-Logging,
    author       	= {{Fortinet Inc}},
    ALTeditor       = {editor},
    title           = {{FortiOS Handbook - Logging and Reporting for FortiOS 5.0}},
    date            = {2014-12-16},
    url             = {https://docs.fortinet.com/uploaded/files/1084/fortigate-loggingreporting-509.pdf},
    OPTsubtitle     = {subtitle},
    OPTtitleaddon   = {titleaddon},
    OPTlanguage     = {language},
    OPTversion      = {version},
    OPTnote         = {note},
    organization    = {Fortinet Inc},
    OPTdate         = {date},
    OPTmonth        = {month},
    OPTyear         = {year},
    OPTaddendum     = {addendum},
    OPTpubstate     = {pubstate},
    urldate         = {2018-05-07},
}


@online{FN_FortiClient,
    author       	= {{Fortinet Inc}},
    ALTeditor       = {editor},
    title           = {{FortiClient}},
    date            = {2018},
    url             = {https://www.forticlient.com/},
    OPTsubtitle     = {subtitle},
    OPTtitleaddon   = {titleaddon},
    OPTlanguage     = {language},
    OPTversion      = {version},
    OPTnote         = {note},
    organization    = {Fortinet Inc},
    OPTdate         = {date},
    OPTmonth        = {month},
    OPTyear         = {year},
    OPTaddendum     = {addendum},
    OPTpubstate     = {pubstate},
    urldate         = {2018-05-07},
}